@book{bookMaterialsCharacterizationYang,
   title =     {Materials Characterization: 
   Introduction to Microscopic and Spectroscopic 
   Methods},
   author =    {Yang Leng},
   publisher = {Weinheim: Wiley-VCH},
   isbn =      {9783527334636,9783527670772,3527334637},
   year =      {2013},
   edition =   {2},
   volume =    {},
}


@book{bookMaterialsScienceEngineeringCallister,
   title =     {Ci\^encia e Engenharia de Materiais - Uma Introdução},
   author =    {William D. CALLISTER, David G. RETHWISCH},
   publisher = {Rio de Janeiro: LTC},
   isbn =      {},
   year =      {2002},
   series =    {},
   edition =   {5},
   volume =    {},
   url =       {Disponivel em: https://brogdomonzao.files.wordpress.com/2013/10/cic3aancia-e-engenharia-de-materiais-uma-introduc3a7c3a3o-william-d-callister-jr.pdf}
}

@misc{pptDifracaoRaioXAntonioCarlos,
    title     =        {Difração de Raios X (XRD): Príncipios Básicos},
    author    =        {Antonio Carlos Vieira Coelho},
    pages     = {90},
    year      = {2021},
    url       = {https://edisciplinas.usp.br/pluginfile.php/7515956/mod_resource/content/10/DRX-Principios-2021-v7.0.pdf},
    urlaccessdate = {Acesso em: 14 set. 2023}
}

@misc{webSiteCAIQUNB,
    title     =        {Difratômetro de Raios X de pó (DRX)},
    author    =        {Julio Lemos de Macedo, José Alves Dias},
    year      = {2023},
    url       = {https://caiq.unb.br/equipamentos/471-difratometro-de-raios-x-de-po},
    urlaccessdate = {Acesso em: 14 set. 2023}
}

@misc{webSiteDiffracEva,
    title     =        {The Swiss Army Knife of the X-ray Diffractionist},
    author    =        {Bruker},
    year      = {2023},
    url       = {https://www.bruker.com/pt/products-and-solutions/diffractometers-and-x-ray-microscopes/
               x-ray-diffractometers/diffrac-suite-software/diffrac-eva.html},
    urlaccessdate = {Acesso em: 14 set. 2023}
}

 @article{articleDajust,
  author = {Oriol Vallcorba, Jordi Rius, Carlos Frontera},
  year = {2012},
  volume={45},  
  url={http://scripts.iucr.org/cgi-bin/paper?he5554},  
  DOI={10.1107/S0021889812021152},  
  number={4},  
  publisher={International Union of Crystallography},  
  title={{DAJUST: a suite of computer programs for pattern matching, space-group determination and intensity extraction from powder diffraction data}},
  pages={844–848}
  }

@misc{webHighScorePlus,
    title     =        {HighScore Plus},
    author    =        {Malvern Panalytical},
    year      = {2023},
    url       = {https://www.malvernpanalytical.com/br
                /products/category/software/x-ray-diffraction-software/highscore-with-plus-option},
    urlaccessdate = {Acesso em: 14 set. 2023}
}

@article{articleMelo1999,
	doi = {10.1590/s1516-14391999000300010},
	url = {https://doi.org/10.1590%2Fs1516-14391999000300010},
	year = {1999},
	month = {jul},
	publisher = {{FapUNIFESP} ({SciELO})},
	volume = {2},
	number = {3},
	pages = {173--179},
	author = {Rog{\'{e}}rio A.A. Melo and Marcus V. Giotto and Jo{\~{a}}o Rocha and Ernesto A. Urquieta-Gonz{\'{a}}lez},
	title = {{MCM}-41 ordered mesoporous molecular sieves synthesis  and characterization},
	journal = {Materials Research}
}


@article{articleXRDBedoya2021,
	doi = {10.1016/j.cattod.2021.01.010},
	year = {2022},
	month = {apr},
	publisher = {Elsevier {BV}},
	volume = {388-389},
	pages = {55--62},
	author = {J.C. Bedoya, R. Valdez, L. Cota and M.A. Alvarez-Ampar{\'{a}}n, A. Olivas},
	title = {Performance of Al-{MCM}-41 nanospheres as catalysts for dimethyl ether production},
	journal = {Catalysis Today}
}

@article{articleXRDKresge1992,
	doi = {10.1038/359710a0},
	year = {1992},
	month = {oct},
	publisher = {Springer Science and Business Media {LLC}},
	volume = {359},
	number = {6397},
	pages = {710--712},
	author = {C. T. Kresge and M. E. Leonowicz and W. J. Roth and J. C. Vartuli and J. S. Beck},
	title = {Ordered mesoporous molecular sieves synthesized by a liquid-crystal template mechanism},
	journal = {Nature}
}

@article{articledrxDaronch2019,
	doi = {10.34117/bjdv7n4-294},
	url = {https://doi.org/10.34117%2Fbjdv7n4-294},
	year = {2021},
	month = {apr},
	publisher = {South Florida Publishing {LLC}},
	volume = {7},
	number = {4},
	pages = {37576--37590},
	author = {Naionara Ariete Daronch and Elton Luis Hillesheim and Elen Angelina Menon and Bernardo Araldi da Silva and Victor Pedott de Aguiar and Rog{\'{e}}rio Marcos Dal Lago and Marcelo Luis Mignoni},
	title = {S{\'{\i}}ntese e apliaca{\c{c}}{\~{a}}o dos materiais mesoporosos do tipo {MCM}-41 e {MCM}-48 contendo metais (Ti ou Zn) em adsor{\c{c}}{\~{a}}o/fotocat{\'{a}}lise do corante azul de metileno/  Synthesis and application mesoporous materials of {MCM}-41 an {MCM}-48 type containing metals (Ti or Zn) in adsorption/photocatalysis of methylene blue dye},
	journal = {Brazilian Journal of Development}
}

@article{articledrxLuan1995,
	doi = {10.1021/j100003a026},
	url = {https://doi.org/10.1021%2Fj100003a026},
	year = {1995},
	month = {jan},
	publisher = {American Chemical Society ({ACS})},
	volume = {99},
	number = {3},
	pages = {1018--1024},
	author = {Zhaohua Luan and Chi-Feng Cheng and Wuzong Zhou and Jacek Klinowski},
	title = {Mesopore Molecular Sieve {MCM}-41 Containing Framework Aluminum},
	journal = {The Journal of Physical Chemistry}
}

@article{articleDahl2019,
	doi = {10.1007/s10934-019-00803-0},
	url = {https://doi.org/10.1007%2Fs10934-019-00803-0},
	year = {2019},
	month = {sep},
	publisher = {Springer Science and Business Media {LLC}},
	volume = {27},
	number = {1},
	pages = {205--216},
	author = {Jyoti Prakash Dhal and Tapan Dash and Garudadhwaj Hota},
	title = {Iron oxide impregnated mesoporous {MCM}-41: synthesis, characterization and adsorption studies},
	journal = {Journal of Porous Materials}
}

